%YAML 1.1
%TAG !u! tag:unity3d.com,2011:
--- !u!1 &1230498391955984905
GameObject:
  m_ObjectHideFlags: 0
  m_CorrespondingSourceObject: {fileID: 0}
  m_PrefabInstance: {fileID: 0}
  m_PrefabAsset: {fileID: 0}
  serializedVersion: 6
  m_Component:
  - component: {fileID: 7934736927584728023}
  - component: {fileID: 2277915361462904723}
  - component: {fileID: 5490560180012131134}
  m_Layer: 0
  m_Name: dot (6)
  m_TagString: Untagged
  m_Icon: {fileID: 0}
  m_NavMeshLayer: 0
  m_StaticEditorFlags: 0
  m_IsActive: 1
--- !u!4 &7934736927584728023
Transform:
  m_ObjectHideFlags: 0
  m_CorrespondingSourceObject: {fileID: 0}
  m_PrefabInstance: {fileID: 0}
  m_PrefabAsset: {fileID: 0}
  m_GameObject: {fileID: 1230498391955984905}
  m_LocalRotation: {x: -0, y: 0.92388356, z: -0, w: -0.3826738}
  m_LocalPosition: {x: -0.28689343, y: 0.74799997, z: 0.2923835}
  m_LocalScale: {x: 0.11915598, y: 0.3936079, z: 0.11915598}
  m_Children: []
  m_Father: {fileID: 8608012238930227654}
  m_RootOrder: 7
  m_LocalEulerAnglesHint: {x: 0, y: 224.999, z: 0}
--- !u!33 &2277915361462904723
MeshFilter:
  m_ObjectHideFlags: 0
  m_CorrespondingSourceObject: {fileID: 0}
  m_PrefabInstance: {fileID: 0}
  m_PrefabAsset: {fileID: 0}
  m_GameObject: {fileID: 1230498391955984905}
  m_Mesh: {fileID: 10208, guid: 0000000000000000e000000000000000, type: 0}
--- !u!23 &5490560180012131134
MeshRenderer:
  m_ObjectHideFlags: 0
  m_CorrespondingSourceObject: {fileID: 0}
  m_PrefabInstance: {fileID: 0}
  m_PrefabAsset: {fileID: 0}
  m_GameObject: {fileID: 1230498391955984905}
  m_Enabled: 1
  m_CastShadows: 1
  m_ReceiveShadows: 1
  m_DynamicOccludee: 1
  m_MotionVectors: 1
  m_LightProbeUsage: 1
  m_ReflectionProbeUsage: 1
  m_RayTracingMode: 2
  m_RenderingLayerMask: 1
  m_RendererPriority: 0
  m_Materials:
  - {fileID: 2100000, guid: c2765a69d806044959b99105b5bb78fe, type: 2}
  m_StaticBatchInfo:
    firstSubMesh: 0
    subMeshCount: 0
  m_StaticBatchRoot: {fileID: 0}
  m_ProbeAnchor: {fileID: 0}
  m_LightProbeVolumeOverride: {fileID: 0}
  m_ScaleInLightmap: 1
  m_ReceiveGI: 1
  m_PreserveUVs: 0
  m_IgnoreNormalsForChartDetection: 0
  m_ImportantGI: 0
  m_StitchLightmapSeams: 1
  m_SelectedEditorRenderState: 3
  m_MinimumChartSize: 4
  m_AutoUVMaxDistance: 0.5
  m_AutoUVMaxAngle: 89
  m_LightmapParameters: {fileID: 0}
  m_SortingLayerID: 0
  m_SortingLayer: 0
  m_SortingOrder: 0
--- !u!1 &1301911514576012773
GameObject:
  m_ObjectHideFlags: 0
  m_CorrespondingSourceObject: {fileID: 0}
  m_PrefabInstance: {fileID: 0}
  m_PrefabAsset: {fileID: 0}
  serializedVersion: 6
  m_Component:
  - component: {fileID: 3427122644116905859}
  - component: {fileID: 309666713444102461}
  - component: {fileID: 7415910024121885881}
  m_Layer: 0
  m_Name: visual
  m_TagString: Untagged
  m_Icon: {fileID: 0}
  m_NavMeshLayer: 1
  m_StaticEditorFlags: 8
  m_IsActive: 1
--- !u!4 &3427122644116905859
Transform:
  m_ObjectHideFlags: 0
  m_CorrespondingSourceObject: {fileID: 0}
  m_PrefabInstance: {fileID: 0}
  m_PrefabAsset: {fileID: 0}
  m_GameObject: {fileID: 1301911514576012773}
  m_LocalRotation: {x: 0, y: 0, z: 0, w: 1}
  m_LocalPosition: {x: 0, y: 0, z: 0}
  m_LocalScale: {x: 1, y: 0.09525647, z: 1}
  m_Children:
  - {fileID: 8608012238930227654}
  m_Father: {fileID: 1968138787357440728}
  m_RootOrder: 1
  m_LocalEulerAnglesHint: {x: 0, y: 0, z: 0}
--- !u!33 &309666713444102461
MeshFilter:
  m_ObjectHideFlags: 0
  m_CorrespondingSourceObject: {fileID: 0}
  m_PrefabInstance: {fileID: 0}
  m_PrefabAsset: {fileID: 0}
  m_GameObject: {fileID: 1301911514576012773}
  m_Mesh: {fileID: 10208, guid: 0000000000000000e000000000000000, type: 0}
--- !u!23 &7415910024121885881
MeshRenderer:
  m_ObjectHideFlags: 0
  m_CorrespondingSourceObject: {fileID: 0}
  m_PrefabInstance: {fileID: 0}
  m_PrefabAsset: {fileID: 0}
  m_GameObject: {fileID: 1301911514576012773}
  m_Enabled: 1
  m_CastShadows: 1
  m_ReceiveShadows: 1
  m_DynamicOccludee: 1
  m_MotionVectors: 1
  m_LightProbeUsage: 1
  m_ReflectionProbeUsage: 1
  m_RayTracingMode: 2
  m_RenderingLayerMask: 1
  m_RendererPriority: 0
  m_Materials:
  - {fileID: 2100000, guid: 3ecadee1d588c4e02a0990a584fda687, type: 2}
  m_StaticBatchInfo:
    firstSubMesh: 0
    subMeshCount: 0
  m_StaticBatchRoot: {fileID: 0}
  m_ProbeAnchor: {fileID: 0}
  m_LightProbeVolumeOverride: {fileID: 0}
  m_ScaleInLightmap: 1
  m_ReceiveGI: 1
  m_PreserveUVs: 0
  m_IgnoreNormalsForChartDetection: 0
  m_ImportantGI: 0
  m_StitchLightmapSeams: 1
  m_SelectedEditorRenderState: 3
  m_MinimumChartSize: 4
  m_AutoUVMaxDistance: 0.5
  m_AutoUVMaxAngle: 89
  m_LightmapParameters: {fileID: 0}
  m_SortingLayerID: 0
  m_SortingLayer: 0
  m_SortingOrder: 0
--- !u!1 &1968138787357440731
GameObject:
  m_ObjectHideFlags: 0
  m_CorrespondingSourceObject: {fileID: 0}
  m_PrefabInstance: {fileID: 0}
  m_PrefabAsset: {fileID: 0}
  serializedVersion: 6
  m_Component:
  - component: {fileID: 1968138787357440728}
  - component: {fileID: 1968138787357440730}
  - component: {fileID: 2478675341109255753}
  m_Layer: 0
  m_Name: PortalNode
  m_TagString: Untagged
  m_Icon: {fileID: 0}
  m_NavMeshLayer: 0
  m_StaticEditorFlags: 0
  m_IsActive: 1
--- !u!4 &1968138787357440728
Transform:
  m_ObjectHideFlags: 0
  m_CorrespondingSourceObject: {fileID: 0}
  m_PrefabInstance: {fileID: 0}
  m_PrefabAsset: {fileID: 0}
  m_GameObject: {fileID: 1968138787357440731}
  m_LocalRotation: {x: 0, y: 0, z: 0, w: 1}
  m_LocalPosition: {x: 0, y: 0, z: 0}
  m_LocalScale: {x: 2, y: 2, z: 2}
  m_Children:
  - {fileID: 5741142707738995472}
  - {fileID: 3427122644116905859}
  m_Father: {fileID: 0}
  m_RootOrder: 0
  m_LocalEulerAnglesHint: {x: 0, y: 0, z: 0}
--- !u!114 &1968138787357440730
MonoBehaviour:
  m_ObjectHideFlags: 0
  m_CorrespondingSourceObject: {fileID: 0}
  m_PrefabInstance: {fileID: 0}
  m_PrefabAsset: {fileID: 0}
  m_GameObject: {fileID: 1968138787357440731}
  m_Enabled: 1
  m_EditorHideFlags: 0
  m_Script: {fileID: 11500000, guid: 9d18c8404a4884bb5b586ff2423bfec1, type: 3}
  m_Name: 
  m_EditorClassIdentifier: 
  triggerDistance: 1.5
  sleepTime: 3
  visualElement: {fileID: 7146428108848447267}
  recolorElementsRoot: {fileID: 2302397502948713231}
  fxParticles: {fileID: 5741142707723821654}
--- !u!136 &2478675341109255753
CapsuleCollider:
  m_ObjectHideFlags: 0
  m_CorrespondingSourceObject: {fileID: 0}
  m_PrefabInstance: {fileID: 0}
  m_PrefabAsset: {fileID: 0}
  m_GameObject: {fileID: 1968138787357440731}
  m_Material: {fileID: 0}
  m_IsTrigger: 1
  m_Enabled: 1
  m_Radius: 0.5
  m_Height: 2.36
  m_Direction: 1
  m_Center: {x: 0, y: 0.62, z: 0}
--- !u!1 &2302397502948713231
GameObject:
  m_ObjectHideFlags: 0
  m_CorrespondingSourceObject: {fileID: 0}
  m_PrefabInstance: {fileID: 0}
  m_PrefabAsset: {fileID: 0}
  serializedVersion: 6
  m_Component:
  - component: {fileID: 8608012238930227654}
  m_Layer: 0
  m_Name: colored elements
  m_TagString: Untagged
  m_Icon: {fileID: 0}
  m_NavMeshLayer: 0
  m_StaticEditorFlags: 0
  m_IsActive: 1
--- !u!4 &8608012238930227654
Transform:
  m_ObjectHideFlags: 0
  m_CorrespondingSourceObject: {fileID: 0}
  m_PrefabInstance: {fileID: 0}
  m_PrefabAsset: {fileID: 0}
  m_GameObject: {fileID: 2302397502948713231}
  m_LocalRotation: {x: 0, y: 0, z: 0, w: 1}
  m_LocalPosition: {x: 0, y: 0, z: 0}
  m_LocalScale: {x: 1, y: 1, z: 1}
  m_Children:
  - {fileID: 4403421632012185497}
  - {fileID: 3995799970163954313}
  - {fileID: 3661684836214117481}
  - {fileID: 1969015345138087115}
  - {fileID: 2974148343386366317}
  - {fileID: 4191565874382339069}
  - {fileID: 6838598165111354703}
  - {fileID: 7934736927584728023}
  - {fileID: 7352856868514351473}
  m_Father: {fileID: 3427122644116905859}
  m_RootOrder: 0
  m_LocalEulerAnglesHint: {x: 0, y: 0, z: 0}
--- !u!1 &4062722036942004435
GameObject:
  m_ObjectHideFlags: 0
  m_CorrespondingSourceObject: {fileID: 0}
  m_PrefabInstance: {fileID: 0}
  m_PrefabAsset: {fileID: 0}
  serializedVersion: 6
  m_Component:
  - component: {fileID: 1969015345138087115}
  - component: {fileID: 1831471391371839616}
  - component: {fileID: 7068582751276949483}
  m_Layer: 0
  m_Name: dot (2)
  m_TagString: Untagged
  m_Icon: {fileID: 0}
  m_NavMeshLayer: 0
  m_StaticEditorFlags: 0
  m_IsActive: 1
--- !u!4 &1969015345138087115
Transform:
  m_ObjectHideFlags: 0
  m_CorrespondingSourceObject: {fileID: 0}
  m_PrefabInstance: {fileID: 0}
  m_PrefabAsset: {fileID: 0}
  m_GameObject: {fileID: 4062722036942004435}
  m_LocalRotation: {x: -0, y: 0.7071009, z: -0, w: 0.70711267}
  m_LocalPosition: {x: 0.005506456, y: 0.74799997, z: -0.4135}
  m_LocalScale: {x: 0.11915598, y: 0.3936079, z: 0.11915598}
  m_Children: []
  m_Father: {fileID: 8608012238930227654}
  m_RootOrder: 3
  m_LocalEulerAnglesHint: {x: 0, y: 89.999, z: 0}
--- !u!33 &1831471391371839616
MeshFilter:
  m_ObjectHideFlags: 0
  m_CorrespondingSourceObject: {fileID: 0}
  m_PrefabInstance: {fileID: 0}
  m_PrefabAsset: {fileID: 0}
  m_GameObject: {fileID: 4062722036942004435}
  m_Mesh: {fileID: 10208, guid: 0000000000000000e000000000000000, type: 0}
--- !u!23 &7068582751276949483
MeshRenderer:
  m_ObjectHideFlags: 0
  m_CorrespondingSourceObject: {fileID: 0}
  m_PrefabInstance: {fileID: 0}
  m_PrefabAsset: {fileID: 0}
  m_GameObject: {fileID: 4062722036942004435}
  m_Enabled: 1
  m_CastShadows: 1
  m_ReceiveShadows: 1
  m_DynamicOccludee: 1
  m_MotionVectors: 1
  m_LightProbeUsage: 1
  m_ReflectionProbeUsage: 1
  m_RayTracingMode: 2
  m_RenderingLayerMask: 1
  m_RendererPriority: 0
  m_Materials:
  - {fileID: 2100000, guid: c2765a69d806044959b99105b5bb78fe, type: 2}
  m_StaticBatchInfo:
    firstSubMesh: 0
    subMeshCount: 0
  m_StaticBatchRoot: {fileID: 0}
  m_ProbeAnchor: {fileID: 0}
  m_LightProbeVolumeOverride: {fileID: 0}
  m_ScaleInLightmap: 1
  m_ReceiveGI: 1
  m_PreserveUVs: 0
  m_IgnoreNormalsForChartDetection: 0
  m_ImportantGI: 0
  m_StitchLightmapSeams: 1
  m_SelectedEditorRenderState: 3
  m_MinimumChartSize: 4
  m_AutoUVMaxDistance: 0.5
  m_AutoUVMaxAngle: 89
  m_LightmapParameters: {fileID: 0}
  m_SortingLayerID: 0
  m_SortingLayer: 0
  m_SortingOrder: 0
--- !u!1 &4657133518908364730
GameObject:
  m_ObjectHideFlags: 0
  m_CorrespondingSourceObject: {fileID: 0}
  m_PrefabInstance: {fileID: 0}
  m_PrefabAsset: {fileID: 0}
  serializedVersion: 6
  m_Component:
  - component: {fileID: 4191565874382339069}
  - component: {fileID: 4101935659068650719}
  - component: {fileID: 6590720825794794412}
  m_Layer: 0
  m_Name: dot (4)
  m_TagString: Untagged
  m_Icon: {fileID: 0}
  m_NavMeshLayer: 0
  m_StaticEditorFlags: 0
  m_IsActive: 1
--- !u!4 &4191565874382339069
Transform:
  m_ObjectHideFlags: 0
  m_CorrespondingSourceObject: {fileID: 0}
  m_PrefabInstance: {fileID: 0}
  m_PrefabAsset: {fileID: 0}
  m_GameObject: {fileID: 4657133518908364730}
  m_LocalRotation: {x: -0, y: 0.9238761, z: -0, w: 0.38269174}
  m_LocalPosition: {x: -0.2868839, y: 0.74799997, z: -0.2923934}
  m_LocalScale: {x: 0.11915599, y: 0.3936079, z: 0.11915599}
  m_Children: []
  m_Father: {fileID: 8608012238930227654}
  m_RootOrder: 5
  m_LocalEulerAnglesHint: {x: 0, y: 134.99901, z: 0}
--- !u!33 &4101935659068650719
MeshFilter:
  m_ObjectHideFlags: 0
  m_CorrespondingSourceObject: {fileID: 0}
  m_PrefabInstance: {fileID: 0}
  m_PrefabAsset: {fileID: 0}
  m_GameObject: {fileID: 4657133518908364730}
  m_Mesh: {fileID: 10208, guid: 0000000000000000e000000000000000, type: 0}
--- !u!23 &6590720825794794412
MeshRenderer:
  m_ObjectHideFlags: 0
  m_CorrespondingSourceObject: {fileID: 0}
  m_PrefabInstance: {fileID: 0}
  m_PrefabAsset: {fileID: 0}
  m_GameObject: {fileID: 4657133518908364730}
  m_Enabled: 1
  m_CastShadows: 1
  m_ReceiveShadows: 1
  m_DynamicOccludee: 1
  m_MotionVectors: 1
  m_LightProbeUsage: 1
  m_ReflectionProbeUsage: 1
  m_RayTracingMode: 2
  m_RenderingLayerMask: 1
  m_RendererPriority: 0
  m_Materials:
  - {fileID: 2100000, guid: c2765a69d806044959b99105b5bb78fe, type: 2}
  m_StaticBatchInfo:
    firstSubMesh: 0
    subMeshCount: 0
  m_StaticBatchRoot: {fileID: 0}
  m_ProbeAnchor: {fileID: 0}
  m_LightProbeVolumeOverride: {fileID: 0}
  m_ScaleInLightmap: 1
  m_ReceiveGI: 1
  m_PreserveUVs: 0
  m_IgnoreNormalsForChartDetection: 0
  m_ImportantGI: 0
  m_StitchLightmapSeams: 1
  m_SelectedEditorRenderState: 3
  m_MinimumChartSize: 4
  m_AutoUVMaxDistance: 0.5
  m_AutoUVMaxAngle: 89
  m_LightmapParameters: {fileID: 0}
  m_SortingLayerID: 0
  m_SortingLayer: 0
  m_SortingOrder: 0
--- !u!1 &4782199253298378053
GameObject:
  m_ObjectHideFlags: 0
  m_CorrespondingSourceObject: {fileID: 0}
  m_PrefabInstance: {fileID: 0}
  m_PrefabAsset: {fileID: 0}
  serializedVersion: 6
  m_Component:
  - component: {fileID: 7352856868514351473}
  - component: {fileID: 5197162532382999893}
  - component: {fileID: 2653235554683795207}
  m_Layer: 0
  m_Name: dot (7)
  m_TagString: Untagged
  m_Icon: {fileID: 0}
  m_NavMeshLayer: 0
  m_StaticEditorFlags: 0
  m_IsActive: 1
--- !u!4 &7352856868514351473
Transform:
  m_ObjectHideFlags: 0
  m_CorrespondingSourceObject: {fileID: 0}
  m_PrefabInstance: {fileID: 0}
  m_PrefabAsset: {fileID: 0}
  m_GameObject: {fileID: 4782199253298378053}
  m_LocalRotation: {x: -0, y: 0.92388356, z: -0, w: -0.3826738}
  m_LocalPosition: {x: 0.29789394, y: 0.74799997, z: -0.29238385}
  m_LocalScale: {x: 0.11915598, y: 0.3936079, z: 0.11915598}
  m_Children: []
  m_Father: {fileID: 8608012238930227654}
  m_RootOrder: 8
  m_LocalEulerAnglesHint: {x: 0, y: 224.999, z: 0}
--- !u!33 &5197162532382999893
MeshFilter:
  m_ObjectHideFlags: 0
  m_CorrespondingSourceObject: {fileID: 0}
  m_PrefabInstance: {fileID: 0}
  m_PrefabAsset: {fileID: 0}
  m_GameObject: {fileID: 4782199253298378053}
  m_Mesh: {fileID: 10208, guid: 0000000000000000e000000000000000, type: 0}
--- !u!23 &2653235554683795207
MeshRenderer:
  m_ObjectHideFlags: 0
  m_CorrespondingSourceObject: {fileID: 0}
  m_PrefabInstance: {fileID: 0}
  m_PrefabAsset: {fileID: 0}
  m_GameObject: {fileID: 4782199253298378053}
  m_Enabled: 1
  m_CastShadows: 1
  m_ReceiveShadows: 1
  m_DynamicOccludee: 1
  m_MotionVectors: 1
  m_LightProbeUsage: 1
  m_ReflectionProbeUsage: 1
  m_RayTracingMode: 2
  m_RenderingLayerMask: 1
  m_RendererPriority: 0
  m_Materials:
  - {fileID: 2100000, guid: c2765a69d806044959b99105b5bb78fe, type: 2}
  m_StaticBatchInfo:
    firstSubMesh: 0
    subMeshCount: 0
  m_StaticBatchRoot: {fileID: 0}
  m_ProbeAnchor: {fileID: 0}
  m_LightProbeVolumeOverride: {fileID: 0}
  m_ScaleInLightmap: 1
  m_ReceiveGI: 1
  m_PreserveUVs: 0
  m_IgnoreNormalsForChartDetection: 0
  m_ImportantGI: 0
  m_StitchLightmapSeams: 1
  m_SelectedEditorRenderState: 3
  m_MinimumChartSize: 4
  m_AutoUVMaxDistance: 0.5
  m_AutoUVMaxAngle: 89
  m_LightmapParameters: {fileID: 0}
  m_SortingLayerID: 0
  m_SortingLayer: 0
  m_SortingOrder: 0
--- !u!1 &5586371830376774349
GameObject:
  m_ObjectHideFlags: 0
  m_CorrespondingSourceObject: {fileID: 0}
  m_PrefabInstance: {fileID: 0}
  m_PrefabAsset: {fileID: 0}
  serializedVersion: 6
  m_Component:
  - component: {fileID: 3995799970163954313}
  - component: {fileID: 892365415777439629}
  - component: {fileID: 715739864694435315}
  m_Layer: 0
  m_Name: dot
  m_TagString: Untagged
  m_Icon: {fileID: 0}
  m_NavMeshLayer: 0
  m_StaticEditorFlags: 0
  m_IsActive: 1
--- !u!4 &3995799970163954313
Transform:
  m_ObjectHideFlags: 0
  m_CorrespondingSourceObject: {fileID: 0}
  m_PrefabInstance: {fileID: 0}
  m_PrefabAsset: {fileID: 0}
  m_GameObject: {fileID: 5586371830376774349}
  m_LocalRotation: {x: -0, y: -0, z: -0, w: 1}
  m_LocalPosition: {x: 0.419, y: 0.74799997, z: 0}
  m_LocalScale: {x: 0.11915598, y: 0.3936079, z: 0.11915598}
  m_Children: []
  m_Father: {fileID: 8608012238930227654}
  m_RootOrder: 1
  m_LocalEulerAnglesHint: {x: 0, y: 0, z: 0}
--- !u!33 &892365415777439629
MeshFilter:
  m_ObjectHideFlags: 0
  m_CorrespondingSourceObject: {fileID: 0}
  m_PrefabInstance: {fileID: 0}
  m_PrefabAsset: {fileID: 0}
  m_GameObject: {fileID: 5586371830376774349}
  m_Mesh: {fileID: 10208, guid: 0000000000000000e000000000000000, type: 0}
--- !u!23 &715739864694435315
MeshRenderer:
  m_ObjectHideFlags: 0
  m_CorrespondingSourceObject: {fileID: 0}
  m_PrefabInstance: {fileID: 0}
  m_PrefabAsset: {fileID: 0}
  m_GameObject: {fileID: 5586371830376774349}
  m_Enabled: 1
  m_CastShadows: 1
  m_ReceiveShadows: 1
  m_DynamicOccludee: 1
  m_MotionVectors: 1
  m_LightProbeUsage: 1
  m_ReflectionProbeUsage: 1
  m_RayTracingMode: 2
  m_RenderingLayerMask: 1
  m_RendererPriority: 0
  m_Materials:
  - {fileID: 2100000, guid: c2765a69d806044959b99105b5bb78fe, type: 2}
  m_StaticBatchInfo:
    firstSubMesh: 0
    subMeshCount: 0
  m_StaticBatchRoot: {fileID: 0}
  m_ProbeAnchor: {fileID: 0}
  m_LightProbeVolumeOverride: {fileID: 0}
  m_ScaleInLightmap: 1
  m_ReceiveGI: 1
  m_PreserveUVs: 0
  m_IgnoreNormalsForChartDetection: 0
  m_ImportantGI: 0
  m_StitchLightmapSeams: 1
  m_SelectedEditorRenderState: 3
  m_MinimumChartSize: 4
  m_AutoUVMaxDistance: 0.5
  m_AutoUVMaxAngle: 89
  m_LightmapParameters: {fileID: 0}
  m_SortingLayerID: 0
  m_SortingLayer: 0
  m_SortingOrder: 0
--- !u!1 &6015827801770358975
GameObject:
  m_ObjectHideFlags: 0
  m_CorrespondingSourceObject: {fileID: 0}
  m_PrefabInstance: {fileID: 0}
  m_PrefabAsset: {fileID: 0}
  serializedVersion: 6
  m_Component:
  - component: {fileID: 6838598165111354703}
  - component: {fileID: 5642519353830079746}
  - component: {fileID: 1832216638165498620}
  m_Layer: 0
  m_Name: dot (5)
  m_TagString: Untagged
  m_Icon: {fileID: 0}
  m_NavMeshLayer: 0
  m_StaticEditorFlags: 0
  m_IsActive: 1
--- !u!4 &6838598165111354703
Transform:
  m_ObjectHideFlags: 0
  m_CorrespondingSourceObject: {fileID: 0}
  m_PrefabInstance: {fileID: 0}
  m_PrefabAsset: {fileID: 0}
  m_GameObject: {fileID: 6015827801770358975}
  m_LocalRotation: {x: -0, y: 0.9238761, z: -0, w: 0.38269174}
  m_LocalPosition: {x: 0.2978844, y: 0.74799997, z: 0.29239303}
  m_LocalScale: {x: 0.11915599, y: 0.3936079, z: 0.11915599}
  m_Children: []
  m_Father: {fileID: 8608012238930227654}
  m_RootOrder: 6
  m_LocalEulerAnglesHint: {x: 0, y: 134.99901, z: 0}
--- !u!33 &5642519353830079746
MeshFilter:
  m_ObjectHideFlags: 0
  m_CorrespondingSourceObject: {fileID: 0}
  m_PrefabInstance: {fileID: 0}
  m_PrefabAsset: {fileID: 0}
  m_GameObject: {fileID: 6015827801770358975}
  m_Mesh: {fileID: 10208, guid: 0000000000000000e000000000000000, type: 0}
--- !u!23 &1832216638165498620
MeshRenderer:
  m_ObjectHideFlags: 0
  m_CorrespondingSourceObject: {fileID: 0}
  m_PrefabInstance: {fileID: 0}
  m_PrefabAsset: {fileID: 0}
  m_GameObject: {fileID: 6015827801770358975}
  m_Enabled: 1
  m_CastShadows: 1
  m_ReceiveShadows: 1
  m_DynamicOccludee: 1
  m_MotionVectors: 1
  m_LightProbeUsage: 1
  m_ReflectionProbeUsage: 1
  m_RayTracingMode: 2
  m_RenderingLayerMask: 1
  m_RendererPriority: 0
  m_Materials:
  - {fileID: 2100000, guid: c2765a69d806044959b99105b5bb78fe, type: 2}
  m_StaticBatchInfo:
    firstSubMesh: 0
    subMeshCount: 0
  m_StaticBatchRoot: {fileID: 0}
  m_ProbeAnchor: {fileID: 0}
  m_LightProbeVolumeOverride: {fileID: 0}
  m_ScaleInLightmap: 1
  m_ReceiveGI: 1
  m_PreserveUVs: 0
  m_IgnoreNormalsForChartDetection: 0
  m_ImportantGI: 0
  m_StitchLightmapSeams: 1
  m_SelectedEditorRenderState: 3
  m_MinimumChartSize: 4
  m_AutoUVMaxDistance: 0.5
  m_AutoUVMaxAngle: 89
  m_LightmapParameters: {fileID: 0}
  m_SortingLayerID: 0
  m_SortingLayer: 0
  m_SortingOrder: 0
--- !u!1 &7146428108848447267
GameObject:
  m_ObjectHideFlags: 0
  m_CorrespondingSourceObject: {fileID: 0}
  m_PrefabInstance: {fileID: 0}
  m_PrefabAsset: {fileID: 0}
  serializedVersion: 6
  m_Component:
  - component: {fileID: 4403421632012185497}
  - component: {fileID: 6217460783126136937}
  - component: {fileID: 6495080244297577067}
  m_Layer: 0
  m_Name: top
  m_TagString: Untagged
  m_Icon: {fileID: 0}
  m_NavMeshLayer: 0
  m_StaticEditorFlags: 0
  m_IsActive: 1
--- !u!4 &4403421632012185497
Transform:
  m_ObjectHideFlags: 0
  m_CorrespondingSourceObject: {fileID: 0}
  m_PrefabInstance: {fileID: 0}
  m_PrefabAsset: {fileID: 0}
  m_GameObject: {fileID: 7146428108848447267}
  m_LocalRotation: {x: -0, y: -0, z: -0, w: 1}
  m_LocalPosition: {x: 0, y: 0.88182986, z: 0}
  m_LocalScale: {x: 0.6418684, y: 0.6418684, z: 0.6418684}
  m_Children: []
  m_Father: {fileID: 8608012238930227654}
  m_RootOrder: 0
  m_LocalEulerAnglesHint: {x: 0, y: 0, z: 0}
--- !u!33 &6217460783126136937
MeshFilter:
  m_ObjectHideFlags: 0
  m_CorrespondingSourceObject: {fileID: 0}
  m_PrefabInstance: {fileID: 0}
  m_PrefabAsset: {fileID: 0}
  m_GameObject: {fileID: 7146428108848447267}
  m_Mesh: {fileID: 10208, guid: 0000000000000000e000000000000000, type: 0}
--- !u!23 &6495080244297577067
MeshRenderer:
  m_ObjectHideFlags: 0
  m_CorrespondingSourceObject: {fileID: 0}
  m_PrefabInstance: {fileID: 0}
  m_PrefabAsset: {fileID: 0}
  m_GameObject: {fileID: 7146428108848447267}
  m_Enabled: 1
  m_CastShadows: 1
  m_ReceiveShadows: 1
  m_DynamicOccludee: 1
  m_MotionVectors: 1
  m_LightProbeUsage: 1
  m_ReflectionProbeUsage: 1
  m_RayTracingMode: 2
  m_RenderingLayerMask: 1
  m_RendererPriority: 0
  m_Materials:
  - {fileID: 2100000, guid: c2765a69d806044959b99105b5bb78fe, type: 2}
  m_StaticBatchInfo:
    firstSubMesh: 0
    subMeshCount: 0
  m_StaticBatchRoot: {fileID: 0}
  m_ProbeAnchor: {fileID: 0}
  m_LightProbeVolumeOverride: {fileID: 0}
  m_ScaleInLightmap: 1
  m_ReceiveGI: 1
  m_PreserveUVs: 0
  m_IgnoreNormalsForChartDetection: 0
  m_ImportantGI: 0
  m_StitchLightmapSeams: 1
  m_SelectedEditorRenderState: 3
  m_MinimumChartSize: 4
  m_AutoUVMaxDistance: 0.5
  m_AutoUVMaxAngle: 89
  m_LightmapParameters: {fileID: 0}
  m_SortingLayerID: 0
  m_SortingLayer: 0
  m_SortingOrder: 0
--- !u!1 &8953981355655280888
GameObject:
  m_ObjectHideFlags: 0
  m_CorrespondingSourceObject: {fileID: 0}
  m_PrefabInstance: {fileID: 0}
  m_PrefabAsset: {fileID: 0}
  serializedVersion: 6
  m_Component:
  - component: {fileID: 3661684836214117481}
  - component: {fileID: 3361678126949983014}
  - component: {fileID: 4305202996267132178}
  m_Layer: 0
  m_Name: dot (1)
  m_TagString: Untagged
  m_Icon: {fileID: 0}
  m_NavMeshLayer: 0
  m_StaticEditorFlags: 0
  m_IsActive: 1
--- !u!4 &3661684836214117481
Transform:
  m_ObjectHideFlags: 0
  m_CorrespondingSourceObject: {fileID: 0}
  m_PrefabInstance: {fileID: 0}
  m_PrefabAsset: {fileID: 0}
  m_GameObject: {fileID: 8953981355655280888}
  m_LocalRotation: {x: -0, y: -0, z: -0, w: 1}
  m_LocalPosition: {x: -0.408, y: 0.74799997, z: 0}
  m_LocalScale: {x: 0.11915598, y: 0.3936079, z: 0.11915598}
  m_Children: []
  m_Father: {fileID: 8608012238930227654}
  m_RootOrder: 2
  m_LocalEulerAnglesHint: {x: 0, y: 0, z: 0}
--- !u!33 &3361678126949983014
MeshFilter:
  m_ObjectHideFlags: 0
  m_CorrespondingSourceObject: {fileID: 0}
  m_PrefabInstance: {fileID: 0}
  m_PrefabAsset: {fileID: 0}
  m_GameObject: {fileID: 8953981355655280888}
  m_Mesh: {fileID: 10208, guid: 0000000000000000e000000000000000, type: 0}
--- !u!23 &4305202996267132178
MeshRenderer:
  m_ObjectHideFlags: 0
  m_CorrespondingSourceObject: {fileID: 0}
  m_PrefabInstance: {fileID: 0}
  m_PrefabAsset: {fileID: 0}
  m_GameObject: {fileID: 8953981355655280888}
  m_Enabled: 1
  m_CastShadows: 1
  m_ReceiveShadows: 1
  m_DynamicOccludee: 1
  m_MotionVectors: 1
  m_LightProbeUsage: 1
  m_ReflectionProbeUsage: 1
  m_RayTracingMode: 2
  m_RenderingLayerMask: 1
  m_RendererPriority: 0
  m_Materials:
  - {fileID: 2100000, guid: c2765a69d806044959b99105b5bb78fe, type: 2}
  m_StaticBatchInfo:
    firstSubMesh: 0
    subMeshCount: 0
  m_StaticBatchRoot: {fileID: 0}
  m_ProbeAnchor: {fileID: 0}
  m_LightProbeVolumeOverride: {fileID: 0}
  m_ScaleInLightmap: 1
  m_ReceiveGI: 1
  m_PreserveUVs: 0
  m_IgnoreNormalsForChartDetection: 0
  m_ImportantGI: 0
  m_StitchLightmapSeams: 1
  m_SelectedEditorRenderState: 3
  m_MinimumChartSize: 4
  m_AutoUVMaxDistance: 0.5
  m_AutoUVMaxAngle: 89
  m_LightmapParameters: {fileID: 0}
  m_SortingLayerID: 0
  m_SortingLayer: 0
  m_SortingOrder: 0
--- !u!1 &9185846282920243105
GameObject:
  m_ObjectHideFlags: 0
  m_CorrespondingSourceObject: {fileID: 0}
  m_PrefabInstance: {fileID: 0}
  m_PrefabAsset: {fileID: 0}
  serializedVersion: 6
  m_Component:
  - component: {fileID: 2974148343386366317}
  - component: {fileID: 3925154180698469159}
  - component: {fileID: 5627206707550555401}
  m_Layer: 0
  m_Name: dot (3)
  m_TagString: Untagged
  m_Icon: {fileID: 0}
  m_NavMeshLayer: 0
  m_StaticEditorFlags: 0
  m_IsActive: 1
--- !u!4 &2974148343386366317
Transform:
  m_ObjectHideFlags: 0
  m_CorrespondingSourceObject: {fileID: 0}
  m_PrefabInstance: {fileID: 0}
  m_PrefabAsset: {fileID: 0}
  m_GameObject: {fileID: 9185846282920243105}
  m_LocalRotation: {x: -0, y: 0.7071009, z: -0, w: 0.70711267}
  m_LocalPosition: {x: 0.005494058, y: 0.74799997, z: 0.41349965}
  m_LocalScale: {x: 0.11915598, y: 0.3936079, z: 0.11915598}
  m_Children: []
  m_Father: {fileID: 8608012238930227654}
  m_RootOrder: 4
  m_LocalEulerAnglesHint: {x: 0, y: 89.999, z: 0}
--- !u!33 &3925154180698469159
MeshFilter:
  m_ObjectHideFlags: 0
  m_CorrespondingSourceObject: {fileID: 0}
  m_PrefabInstance: {fileID: 0}
  m_PrefabAsset: {fileID: 0}
  m_GameObject: {fileID: 9185846282920243105}
  m_Mesh: {fileID: 10208, guid: 0000000000000000e000000000000000, type: 0}
--- !u!23 &5627206707550555401
MeshRenderer:
  m_ObjectHideFlags: 0
  m_CorrespondingSourceObject: {fileID: 0}
  m_PrefabInstance: {fileID: 0}
  m_PrefabAsset: {fileID: 0}
  m_GameObject: {fileID: 9185846282920243105}
  m_Enabled: 1
  m_CastShadows: 1
  m_ReceiveShadows: 1
  m_DynamicOccludee: 1
  m_MotionVectors: 1
  m_LightProbeUsage: 1
  m_ReflectionProbeUsage: 1
  m_RayTracingMode: 2
  m_RenderingLayerMask: 1
  m_RendererPriority: 0
  m_Materials:
  - {fileID: 2100000, guid: c2765a69d806044959b99105b5bb78fe, type: 2}
  m_StaticBatchInfo:
    firstSubMesh: 0
    subMeshCount: 0
  m_StaticBatchRoot: {fileID: 0}
  m_ProbeAnchor: {fileID: 0}
  m_LightProbeVolumeOverride: {fileID: 0}
  m_ScaleInLightmap: 1
  m_ReceiveGI: 1
  m_PreserveUVs: 0
  m_IgnoreNormalsForChartDetection: 0
  m_ImportantGI: 0
  m_StitchLightmapSeams: 1
  m_SelectedEditorRenderState: 3
  m_MinimumChartSize: 4
  m_AutoUVMaxDistance: 0.5
  m_AutoUVMaxAngle: 89
  m_LightmapParameters: {fileID: 0}
  m_SortingLayerID: 0
  m_SortingLayer: 0
  m_SortingOrder: 0
--- !u!1001 &5741142707739143364
PrefabInstance:
  m_ObjectHideFlags: 0
  serializedVersion: 2
  m_Modification:
    m_TransformParent: {fileID: 1968138787357440728}
    m_Modifications:
    - target: {fileID: 120410, guid: 0fe360939e9ac42a9b51abd70ffd1a96, type: 3}
      propertyPath: m_Name
      value: portal-fx
      objectReference: {fileID: 0}
    - target: {fileID: 444372, guid: 0fe360939e9ac42a9b51abd70ffd1a96, type: 3}
      propertyPath: m_RootOrder
      value: 0
      objectReference: {fileID: 0}
    - target: {fileID: 444372, guid: 0fe360939e9ac42a9b51abd70ffd1a96, type: 3}
      propertyPath: m_LocalPosition.x
      value: 0
      objectReference: {fileID: 0}
    - target: {fileID: 444372, guid: 0fe360939e9ac42a9b51abd70ffd1a96, type: 3}
      propertyPath: m_LocalPosition.y
      value: 0
      objectReference: {fileID: 0}
    - target: {fileID: 444372, guid: 0fe360939e9ac42a9b51abd70ffd1a96, type: 3}
      propertyPath: m_LocalPosition.z
      value: 0
      objectReference: {fileID: 0}
    - target: {fileID: 444372, guid: 0fe360939e9ac42a9b51abd70ffd1a96, type: 3}
      propertyPath: m_LocalRotation.w
      value: 0.70710784
      objectReference: {fileID: 0}
    - target: {fileID: 444372, guid: 0fe360939e9ac42a9b51abd70ffd1a96, type: 3}
      propertyPath: m_LocalRotation.x
      value: -0.70710576
      objectReference: {fileID: 0}
    - target: {fileID: 444372, guid: 0fe360939e9ac42a9b51abd70ffd1a96, type: 3}
      propertyPath: m_LocalRotation.y
      value: -0
      objectReference: {fileID: 0}
    - target: {fileID: 444372, guid: 0fe360939e9ac42a9b51abd70ffd1a96, type: 3}
      propertyPath: m_LocalRotation.z
      value: -0
      objectReference: {fileID: 0}
    - target: {fileID: 444372, guid: 0fe360939e9ac42a9b51abd70ffd1a96, type: 3}
      propertyPath: m_LocalEulerAnglesHint.x
      value: -90.00001
      objectReference: {fileID: 0}
    - target: {fileID: 444372, guid: 0fe360939e9ac42a9b51abd70ffd1a96, type: 3}
      propertyPath: m_LocalEulerAnglesHint.y
      value: 0
      objectReference: {fileID: 0}
    - target: {fileID: 444372, guid: 0fe360939e9ac42a9b51abd70ffd1a96, type: 3}
      propertyPath: m_LocalEulerAnglesHint.z
      value: 0
      objectReference: {fileID: 0}
    - target: {fileID: 19811986, guid: 0fe360939e9ac42a9b51abd70ffd1a96, type: 3}
      propertyPath: ShapeModule.type
      value: 2
      objectReference: {fileID: 0}
    - target: {fileID: 19811986, guid: 0fe360939e9ac42a9b51abd70ffd1a96, type: 3}
      propertyPath: ShapeModule.radiusThickness
      value: 0
      objectReference: {fileID: 0}
    - target: {fileID: 19811986, guid: 0fe360939e9ac42a9b51abd70ffd1a96, type: 3}
      propertyPath: InitialModule.startColor.maxColor.b
      value: 1
      objectReference: {fileID: 0}
    - target: {fileID: 19811986, guid: 0fe360939e9ac42a9b51abd70ffd1a96, type: 3}
      propertyPath: InitialModule.startColor.maxColor.g
      value: 0.38889682
      objectReference: {fileID: 0}
    - target: {fileID: 19811986, guid: 0fe360939e9ac42a9b51abd70ffd1a96, type: 3}
      propertyPath: InitialModule.startColor.maxColor.r
      value: 0.28773582
      objectReference: {fileID: 0}
    - target: {fileID: 19811986, guid: 0fe360939e9ac42a9b51abd70ffd1a96, type: 3}
      propertyPath: ColorModule.gradient.maxGradient.atime1
      value: 37201
      objectReference: {fileID: 0}
    - target: {fileID: 19811986, guid: 0fe360939e9ac42a9b51abd70ffd1a96, type: 3}
      propertyPath: ColorModule.gradient.maxGradient.ctime1
      value: 64764
      objectReference: {fileID: 0}
    - target: {fileID: 19811986, guid: 0fe360939e9ac42a9b51abd70ffd1a96, type: 3}
      propertyPath: ColorModule.gradient.maxGradient.ctime2
      value: 64764
      objectReference: {fileID: 0}
    - target: {fileID: 19811986, guid: 0fe360939e9ac42a9b51abd70ffd1a96, type: 3}
      propertyPath: ColorModule.gradient.maxGradient.key0.b
      value: 1
      objectReference: {fileID: 0}
    - target: {fileID: 19811986, guid: 0fe360939e9ac42a9b51abd70ffd1a96, type: 3}
      propertyPath: ColorModule.gradient.maxGradient.key0.g
      value: 1
      objectReference: {fileID: 0}
    - target: {fileID: 19811986, guid: 0fe360939e9ac42a9b51abd70ffd1a96, type: 3}
      propertyPath: ColorModule.gradient.maxGradient.key0.r
      value: 1
      objectReference: {fileID: 0}
    - target: {fileID: 19811986, guid: 0fe360939e9ac42a9b51abd70ffd1a96, type: 3}
      propertyPath: ColorModule.gradient.maxGradient.key1.a
      value: 1
      objectReference: {fileID: 0}
    - target: {fileID: 19811986, guid: 0fe360939e9ac42a9b51abd70ffd1a96, type: 3}
      propertyPath: ColorModule.gradient.maxGradient.key1.b
      value: 0.32599998
      objectReference: {fileID: 0}
    - target: {fileID: 19811986, guid: 0fe360939e9ac42a9b51abd70ffd1a96, type: 3}
      propertyPath: ColorModule.gradient.maxGradient.key1.g
      value: 0.32599998
      objectReference: {fileID: 0}
    - target: {fileID: 19811986, guid: 0fe360939e9ac42a9b51abd70ffd1a96, type: 3}
      propertyPath: ColorModule.gradient.maxGradient.key1.r
      value: 0.32599998
      objectReference: {fileID: 0}
    - target: {fileID: 19811986, guid: 0fe360939e9ac42a9b51abd70ffd1a96, type: 3}
      propertyPath: ColorModule.gradient.maxGradient.key2.a
      value: 0
      objectReference: {fileID: 0}
    - target: {fileID: 19811986, guid: 0fe360939e9ac42a9b51abd70ffd1a96, type: 3}
      propertyPath: ColorModule.gradient.maxGradient.key2.b
      value: 1
      objectReference: {fileID: 0}
    - target: {fileID: 19811986, guid: 0fe360939e9ac42a9b51abd70ffd1a96, type: 3}
      propertyPath: ColorModule.gradient.maxGradient.key2.r
      value: 0.78039217
      objectReference: {fileID: 0}
    - target: {fileID: 19811986, guid: 0fe360939e9ac42a9b51abd70ffd1a96, type: 3}
      propertyPath: ColorModule.gradient.maxGradient.m_NumAlphaKeys
      value: 3
      objectReference: {fileID: 0}
    - target: {fileID: 19811986, guid: 0fe360939e9ac42a9b51abd70ffd1a96, type: 3}
      propertyPath: ColorModule.gradient.maxGradient.m_NumColorKeys
      value: 2
      objectReference: {fileID: 0}
    m_RemovedComponents: []
  m_SourcePrefab: {fileID: 100100000, guid: 0fe360939e9ac42a9b51abd70ffd1a96, type: 3}
--- !u!198 &5741142707723821654 stripped
ParticleSystem:
  m_CorrespondingSourceObject: {fileID: 19811986, guid: 0fe360939e9ac42a9b51abd70ffd1a96,
    type: 3}
  m_PrefabInstance: {fileID: 5741142707739143364}
  m_PrefabAsset: {fileID: 0}
--- !u!4 &5741142707738995472 stripped
Transform:
  m_CorrespondingSourceObject: {fileID: 444372, guid: 0fe360939e9ac42a9b51abd70ffd1a96,
    type: 3}
  m_PrefabInstance: {fileID: 5741142707739143364}
  m_PrefabAsset: {fileID: 0}
